<?xml version="1.0" encoding="UTF-8"?><collection xmlns="http://www.loc.gov/MARC21/slim"><record><leader>00337nam--2200133-i-4500</leader><controlfield tag="001">000007363</controlfield><controlfield tag="002">20161230</controlfield><controlfield tag="005">20161230201027</controlfield><controlfield tag="008">060222s1000------------r-----000-0-eng-d</controlfield><datafield ind1=" " ind2=" " tag="100"><subfield code="a">Bouix, Maurice</subfield></datafield><datafield ind1=" " ind2=" " tag="245"><subfield code="a">Les discontinuites du rayonnement electromagne tique</subfield></datafield><datafield ind1=" " ind2=" " tag="260"><subfield code="a">Paris, Dunod, 1966. Ix + 246 P</subfield></datafield><datafield ind1=" " ind2=" " tag="490"><subfield code="a">11</subfield></datafield><datafield ind1=" " ind2=" " tag="852"><subfield code="a">13953</subfield></datafield></record></collection>